<?xml version="1.0" encoding="UTF-8"?><collection xmlns="http://www.loc.gov/MARC21/slim"><record><leader>00553nam--2200193-i-4500</leader><controlfield tag="001">000026272</controlfield><controlfield tag="002">20161230</controlfield><controlfield tag="005">20161230201036</controlfield><controlfield tag="008">060222s1000------------r-----000-0-eng-d</controlfield><datafield ind1=" " ind2=" " tag="040"><subfield code="a">IFIN-HH</subfield></datafield><datafield ind1=" " ind2=" " tag="080"><subfield code="a">533.951</subfield></datafield><datafield ind1="1" ind2=" " tag="100"><subfield code="a">Weiland, J</subfield></datafield><datafield ind1="1" ind2="0" tag="245"><subfield code="a">Coherent non-linear interaction of waves in plasmas</subfield><subfield code="c">J. Weiland, H. Wilhelmsson</subfield></datafield><datafield ind1=" " ind2=" " tag="260"><subfield code="a">Oxford, Pergamon Press, 1976</subfield></datafield><datafield ind1=" " ind2=" " tag="300"><subfield code="a">353 p</subfield></datafield><datafield ind1=" " ind2=" " tag="490"><subfield code="a">International Series In Natural Phylosophy</subfield><subfield code="v">Vol. 88</subfield></datafield><datafield ind1="1" ind2=" " tag="700"><subfield code="a">Wilhelmsson, H</subfield></datafield><datafield ind1=" " ind2=" " tag="852"><subfield code="a">46012</subfield><subfield code="c">533.9</subfield></datafield><datafield ind1=" " ind2=" " tag="CAT"><subfield code="a">Sys</subfield><subfield code="c">20100928</subfield><subfield code="h">144923</subfield></datafield></record></collection>